<?xml version="1.0" encoding="UTF-8"?><collection xmlns="http://www.loc.gov/MARC21/slim"><record><leader>00410nam--2200133-i-4500</leader><controlfield tag="001">000038477</controlfield><controlfield tag="002">20161230</controlfield><controlfield tag="005">20161230201041</controlfield><controlfield tag="008">060222s1000------------r-----000-0-eng-d</controlfield><datafield ind1=" " ind2=" " tag="080"><subfield code="a">541.64:532.135:678</subfield></datafield><datafield ind1=" " ind2=" " tag="245"><subfield code="a">Reologia compusilor macromoleculari. introducere in reologie</subfield></datafield><datafield ind1=" " ind2=" " tag="260"><subfield code="a">Bucuresti, Ed.Tehnica, 1982, 237p</subfield></datafield><datafield ind1=" " ind2=" " tag="700"><subfield code="a">Tudose, Radu Z., Volintiru, Tanase., Asandei, Nicolae, /S.A.</subfield></datafield><datafield ind1=" " ind2=" " tag="852"><subfield code="a">70515</subfield></datafield></record></collection>